@incollection{Lai-Continuum,
  title = {{{CHAPTER}} 5 - the Elastic Solid},
  booktitle = {Introduction to Continuum Mechanics (Fourth Edition)},
  author = {Lai, W. Michael and Rubin, David and Krempl, Erhard},
  editor = {Lai, W. Michael and Rubin, David and Krempl, Erhard},
  date = {2010},
  edition = {Fourth Edition},
  pages = {201--352},
  publisher = {Butterworth-Heinemann},
  location = {Boston},
  doi = {10.1016/B978-0-7506-8560-3.00005-0},
  url = {https://www.sciencedirect.com/science/article/pii/B9780750685603000050},
  isbn = {978-0-7506-8560-3},
}

@online{ASTMD638Caracteristicas,
  title = {ASTM D638: Características de tracción en materiales plásticos},
  shorttitle = {ASTM D638},
  url = {
         https://www.zwickroell.com/es/sectores/plasticos/termoplasticos-y-materiales-termoendurecibles/propiedades-de-traccion-astm-d638/
         },
  urldate = {2025-09-21},
  abstract = {Descubra todos los detalles sobre la norma ASTM D638 y los ensayos
              de tracción en plásticos. ✓ Objetivos y valores característicos ✓
              Probetas y tamaños ✓ Soluciones para ensayos y mucho más ►
              ¡Infórmese ahora!},
  langid = {spanish},
  organization = {ASTM D638: Características de tracción en materiales plásticos
                  },
}

@online{ISO527,
  title = {Ensayo de tracción plásticos ISO 527-1 | ISO 527-2},
  url = {
         https://www.zwickroell.com/es/sectores/plasticos/termoplasticos-y-materiales-termoendurecibles/ensayo-de-traccion-iso-527-1-2/
         },
  urldate = {2025-09-21},
  abstract = {DIN EN ISO 527-1 | DIN EN ISO 527-2: Normas para ensayos de
              tracción en plástico ✓ Objetivo ✓ Requisitos ✓ Probetas ✓ Equipos
              de ensayos},
  langid = {spanish},
  organization = {Ensayo de tracción plásticos ISO 527-1 | ISO 527-2},
}

@online{LordYounModulus,
  type = {Report/Guide},
  title = {Recommended Methods for Determining {{Young}}'s Modulus for Tensile
           Tests.},
  author = {Lord, J. D. and Roebuck, B.},
  date = {1997-05},
  location = {Teddington},
  issn = {1366-4506},
  url = {https://eprintspublications.npl.co.uk/791/},
  urldate = {2025-09-21},
  abstract = {No abstract available},
  langid = {english},
}

@online{ModuloElasticidadQue2022,
  title = {Módulo de Elasticidad, ¿qué Es?},
  date = {2022-03-04},
  url = {
         https://industrialphysics.com/es/base-de-conocimientos/articulos/pruebas-de-modulo-de-elasticidad/
         },
  urldate = {2025-09-21},
  abstract = {Descubra las pruebas del módulo de elasticidad: evaluación de la
              resistencia del material a la deformación elástica. Conozca el
              proceso de prueba.},
  langid = {english},
  organization = {Industrial Physics},
}

@online{PruebaModuloYoungs2022,
  title = {Prueba Del Módulo de {{Youngs}}},
  date = {2022-03-04},
  url = {
         https://industrialphysics.com/es/base-de-conocimientos/articulos/prueba-del-modulo-de-youngs/
         },
  urldate = {2025-09-21},
  abstract = {Comprender el ensayo del módulo de Young y su importancia en la
              evaluación de la rigidez y la elasticidad de los materiales.
              Infórmate sobre los métodos de ensayo y los equipos utilizados.},
  langid = {english},
  organization = {Industrial Physics},
}

@incollection{graffChapter6Power2023,
  title = {Chapter 6 - {{Power}} Ultrasonic Transducers: {{Principles}} and
           Design},
  shorttitle = {Chapter 6 - {{Power}} Ultrasonic Transducers},
  booktitle = {Power {{Ultrasonics}} ({{Second Edition}})},
  author = {Graff, K. F. and Sheehan, J. F.},
  editor = {Gallego-Juárez, Juan A. and Graff, Karl F. and Lucas, Margaret},
  date = {2023-01-01},
  series = {Woodhead {{Publishing Series}} in {{Electronic}} and {{Optical
            Materials}}},
  pages = {83--108},
  publisher = {Woodhead Publishing},
  doi = {10.1016/B978-0-12-820254-8.00018-X},
  url = {https://www.sciencedirect.com/science/article/pii/B978012820254800018X},
  urldate = {2025-09-21},
  abstract = {In all ultrasonic processes, the power ultrasonic transducer is
              the essential starting point, with an understanding of this device
              being critical to the many applications that can follow. This
              chapter provides an introduction to the power transducer, including
              the basic vibration theory that underlies its operation, the
              elements of piezoelectric materials and transducer construction,
              the means by which transducers are controlled and characterized,
              and an introduction to modeling of transducer vibrations. The
              coverage is intended to be complementary to advanced aspects of
              transducers, materials, and processes treated elsewhere in this
              book.},
  isbn = {978-0-12-820254-8},
  keywords = {Piezoelectric transducers,Power ultrasonics,Ultrasonic,Ultrasonic
              transducers},
}

@article{LiAuxeticPUFoam2016,
  title = {On the Successful Fabrication of Auxetic Polyurethane Foams: {{
           Materials}} Requirement, Processing Strategy and Conversion Mechanism},
  shorttitle = {On the Successful Fabrication of Auxetic Polyurethane Foams},
  author = {Li, Yan and Zeng, Changchun},
  date = {2016-03-22},
  journaltitle = {Polymer},
  shortjournal = {Polymer},
  volume = {87},
  pages = {98--107},
  issn = {0032-3861},
  doi = {10.1016/j.polymer.2016.01.076},
  url = {https://www.sciencedirect.com/science/article/pii/S0032386116300763},
  urldate = {2025-09-22},
  abstract = {This study aims to provide fundamental understandings in several
              issues critical to the fabrication of auxetic polyurethane (PU)
              foams by thermal compression process: conversion and auxetic
              structure fixation mechanisms, materials characteristics essential
              for the successful auxetic conversion, and optimal conditions for
              auxetic conversion. Three flexible PU foams with similar morphology
              were selected for the study. First the commonalities as well as the
              differences between these foams in terms of their chemical
              composition, microstructure and thermomechanical properties were
              thoroughly analyzed. This is followed by the auxetic convertibility
              study of these three foams. Mechanisms for fixing the structure
              were elucidated and the windows for processing were interpreted in
              the context of polymer relaxation. Guided by these understandings,
              a series of auxetic foams were manufactured at a wide range of
              conditions. The processing conditions agreed very well with those
              suggested from the mechanistic investigation, validating the
              proposed auxetic conversion and structure fixation mechanisms. The
              mechanism was further confirmed by direct observation of the
              morphology of the fabricated auxetic foams.},
  keywords = {Auxetic foam,Glass transition,Negative poisson's ratio,
              Polyurethane,Stress relaxation},
}
